<record><leader>00000cas a22000007a 4500</leader><controlfield tag="001">10118144</controlfield><controlfield tag="008">831110d18811937ksuwr ne      0   a0eng d</controlfield><datafield ind1=" " ind2=" " tag="010"><subfield code="a">sn 83040914 </subfield></datafield><datafield ind1=" " ind2=" " tag="040"><subfield code="a">KSH</subfield><subfield code="b">eng</subfield><subfield code="c">KSH</subfield><subfield code="d">NPT</subfield><subfield code="d">OCLCQ</subfield></datafield><datafield ind1=" " ind2=" " tag="042"><subfield code="a">msc</subfield></datafield><datafield ind1=" " ind2=" " tag="043"><subfield code="a">n-us-ks</subfield></datafield><datafield ind1="0" ind2=" " tag="130"><subfield code="a">Times (Clay Center, Kan. : 1881)</subfield></datafield><datafield ind1="1" ind2="4" tag="245"><subfield code="a">The times.</subfield></datafield><datafield ind1=" " ind2=" " tag="260"><subfield code="a">Clay Center, Kan. :</subfield><subfield code="b">Miller, Linsley &amp; Co.,</subfield><subfield code="c">-1937.</subfield></datafield><datafield ind1=" " ind2=" " tag="300"><subfield code="a">v. ;</subfield><subfield code="c">54-64 cm.</subfield></datafield><datafield ind1=" " ind2=" " tag="310"><subfield code="a">Weekly</subfield></datafield><datafield ind1="0" ind2=" " tag="362"><subfield code="a">-v. 60, no. 17 (Apr. 29, 1937).</subfield></datafield><datafield ind1="1" ind2=" " tag="362"><subfield code="a">Began in Sept. 1881.</subfield></datafield><datafield ind1=" " ind2=" " tag="500"><subfield code="a">"Republican."</subfield></datafield><datafield ind1=" " ind2=" " tag="525"><subfield code="a">Supplements accompany some issues.</subfield></datafield><datafield ind1=" " ind2=" " tag="530"><subfield code="a">Available on microfilm from Micro Photo.</subfield></datafield><datafield ind1=" " ind2=" " tag="588"><subfield code="a">Description based on: Vol. 1, no. 25 (Sept. 29, 1881).</subfield></datafield><datafield ind1=" " ind2=" " tag="752"><subfield code="a">United States</subfield><subfield code="b">Kansas</subfield><subfield code="c">Clay</subfield><subfield code="d">Clay Center.</subfield></datafield><datafield ind1="0" ind2="0" tag="780"><subfield code="t">Clay County times</subfield><subfield code="w">(DLC)sn 83040929</subfield></datafield><datafield ind1="0" ind2="5" tag="780"><subfield code="t">Longford journal (Longford, Kan. : 1923)</subfield><subfield code="g">July 1931</subfield><subfield code="w">(DLC)sn 83040892</subfield></datafield><datafield ind1="0" ind2="7" tag="785"><subfield code="t">Economist (Clay Center, Kan.)</subfield><subfield code="w">(DLC)sn 83040919</subfield></datafield><datafield ind1="0" ind2="7" tag="785"><subfield code="t">Times and the economist</subfield><subfield code="w">(DLC)sn 83040916</subfield></datafield></record>